@Article{nazario,
	author = {Arce-Nazario, R., F. Castro, and R. Figueroa}
	title = {On the Number of Solutions of {$\sum_{i=1}^{11} \frac{1}{x_i} = 1$} in Distinct Odd Natural Numbers}
	publisher = {Journal of Number Theory, vol. 133, no. 6, 2013, pp. 2036-2046.}
}
@Article{mordell,
	author = {Mordell, Louis J.}
	title = {Diophantine Equations}
	publisher = {vol. 30, Academic Press, New York, 1969. pp. 287–288}
}
@Article{elsholtz,
	author = {Elsholtz, Christian}
	title = {Egyptian Fractions with Odd Denominators}
	publisher = {Quarterly Journal of Mathematics, vol. 67, no. 3, 2016, pp. 425-430.}
}
@Article{pihko,
	author = {Pihko, J.}
	title = {Remarks on the "Greedy Odd" Egyptian Fraction Algorithm Ii.}
	publisher = {Fibonacci Quarterly, vol. 48, no. 3, 2010, pp. 202-208.}
}
@Article{stewart,
	author = {I. Stewart}
	title = {The Riddle of the Vanishing Camel}
	publisher = {Scientific American, vol. 266, no. 6, pp. 122–124, 1992.}
}
@Article{dunton,
	author = {Dunton, M}
	title = {Fibonacci on Egyptian Fractions}
	publisher = {Fibonacci Quarterly, vol. 4, no. 4, 1966, pp. 339-354}
}
@Article{graham,
	author = {R. L. Graham}
	title = {Paul Erd\H{o}s and Egyptian Fractions}
	publisher = {Bolyai Society Mathematical Studies {Erd\H{o}s} Centennial, pp. 289–309, 2013.}
}
@Article{starke,
	author = {E. P. Starke and R. Breusch}
	title = {4512}
	publisher = {The American Mathematical Monthly, vol. 61, no. 3, p. 200, 1954.}
}
@Article{guy,
	author = {R. K. Guy}
	title = {Unsolved Problems in Number Theory}
	publisher = {1981.}
}
